<record><leader>01304cam a2200385 i 4500</leader><controlfield tag="001">6811045</controlfield><controlfield tag="003">OCoLC</controlfield><controlfield tag="005">20150403134143.0</controlfield><controlfield tag="008">140416t20152015txub     b   s001 0 eng c</controlfield><datafield ind1=" " ind2=" " tag="020"><subfield code="a">0292761902</subfield></datafield><datafield ind1=" " ind2=" " tag="020"><subfield code="a">9780292761902</subfield></datafield><datafield ind1=" " ind2=" " tag="035"><subfield code="a">ocn876882991</subfield></datafield><datafield ind1=" " ind2=" " tag="039"><subfield code="a">exclude</subfield></datafield><datafield ind1=" " ind2=" " tag="040"><subfield code="a">YDXCP</subfield><subfield code="b">eng</subfield><subfield code="e">rda</subfield><subfield code="c">YDXCP</subfield><subfield code="d">BTCTA</subfield><subfield code="d">BDX</subfield><subfield code="d">IXA</subfield><subfield code="d">IKM</subfield><subfield code="d">AEU</subfield></datafield><datafield ind1=" " ind2=" " tag="042"><subfield code="a">pcc</subfield></datafield><datafield ind1=" " ind2=" " tag="043"><subfield code="a">ff-----</subfield></datafield><datafield ind1=" " ind2="4" tag="050"><subfield code="a">DT167</subfield><subfield code="b">.N39 2015</subfield></datafield><datafield ind1="0" ind2="4" tag="082"><subfield code="a">961</subfield><subfield code="2">23</subfield></datafield><datafield ind1=" " ind2=" " tag="086"><subfield code="a">Z UA380.8 N234no 2015</subfield><subfield code="2">txdocs</subfield></datafield><datafield ind1=" " ind2=" " tag="090"><subfield code="a">DT167 .N39 2015</subfield><subfield code="b">AEGMCT</subfield></datafield><datafield ind1="1" ind2=" " tag="100"><subfield code="a">Naylor, Phillip Chiviges,</subfield><subfield code="e">author.</subfield></datafield><datafield ind1="1" ind2="0" tag="245"><subfield code="a">North Africa :</subfield><subfield code="b">a history from antiquity to the present /</subfield><subfield code="c">Phillip C. Naylor.</subfield></datafield><datafield ind1=" " ind2=" " tag="250"><subfield code="a">Revised edition.</subfield></datafield><datafield ind1=" " ind2="1" tag="264"><subfield code="a">Austin, TX :</subfield><subfield code="b">University Of Texas Press,</subfield><subfield code="c">2015</subfield></datafield><datafield ind1=" " ind2="4" tag="264"><subfield code="c">&#169;2015</subfield></datafield><datafield ind1=" " ind2=" " tag="300"><subfield code="a">xvi, 391 pages :</subfield><subfield code="b">maps ;</subfield><subfield code="c">23 cm</subfield></datafield><datafield ind1=" " ind2=" " tag="336"><subfield code="a">text</subfield><subfield code="b">txt</subfield><subfield code="2">rdacontent</subfield></datafield><datafield ind1=" " ind2=" " tag="337"><subfield code="a">unmediated</subfield><subfield code="b">n</subfield><subfield code="2">rdamedia</subfield></datafield><datafield ind1=" " ind2=" " tag="338"><subfield code="a">volume</subfield><subfield code="b">nc</subfield><subfield code="2">rdacarrier</subfield></datafield><datafield ind1=" " ind2=" " tag="504"><subfield code="a">Includes bibliographical references (341-372) and index.</subfield></datafield><datafield ind1=" " ind2=" " tag="596"><subfield code="a">29</subfield></datafield><datafield ind1=" " ind2="0" tag="651"><subfield code="a">Africa, North</subfield><subfield code="x">History.</subfield></datafield><datafield ind1=" " ind2="0" tag="651"><subfield code="a">Africa, North</subfield><subfield code="x">Civilization.</subfield></datafield><datafield ind1=" " ind2=" " tag="949"><subfield code="a">DT167 .N39 2015</subfield><subfield code="h">GMCT-OS-B</subfield><subfield code="i">1007410598</subfield><subfield code="p">36.27</subfield><subfield code="k">AVAIL_SOON</subfield></datafield><datafield ind1=" " ind2=" " tag="926"><subfield code="a">DT167 .N39 2015</subfield><subfield code="w">LC</subfield><subfield code="c">1</subfield><subfield code="i">1007410598</subfield><subfield code="d">4/29/2015</subfield><subfield code="l">ON_SHELF</subfield><subfield code="m">GR_MACEWAN</subfield><subfield code="p">$36.27</subfield><subfield code="r">Y</subfield><subfield code="s">Y</subfield><subfield code="t">BOOK</subfield><subfield code="u">4/14/2015</subfield></datafield></record>